%% This BibTeX bibliography file was created using BibDesk.
%% http://bibdesk.sourceforge.net/


%% Created for Nick Tustison at 2013-11-08 10:42:25 -0500 


%% Saved with string encoding Unicode (UTF-8) 



@inbook{tustison2007,
	Author = {N. J. Tustison and A. A. Amini},
	Chapter = {Analysis of 4-D Cardiac MR Data with NURBS Deformable Models: Temporal Fitting Strategy and Nonrigid Registration},
	Date-Added = {2013-11-07 20:24:13 +0000},
	Date-Modified = {2013-11-07 20:31:28 +0000},
	Editor = {Jasjit S. Suri and Aly Farag},
	Month = {May},
	Publisher = {Springer},
	Title = {Parametric and Geometric Deformable Models: An Application in Biomaterials and Medical Imagery},
	Volume = {2},
	Year = {2007}}
