%% This BibTeX bibliography file was created using BibDesk.
%% http://bibdesk.sourceforge.net/


%% Created for Nick Tustison at 2017-03-10 18:32:42 -0800 


%% Saved with string encoding Unicode (UTF-8) 



@article{tustison2017a,
	Author = {N. J. Tustison and Manj{\'o}n, Jos{\'e} V},
	Date-Added = {2017-03-11 02:31:15 +0000},
	Date-Modified = {2017-03-11 02:32:41 +0000},
	Journal = {Insight Journal},
	Title = {Two {L}uis {M}iguel fans walk into a bar in {N}agoya ---> (yada, yada, yada) ---> an {ITK}-implementation of a popular patch-based denoising filter },
	Year = {2017}}

@article{tustison2005,
	Author = {N. J. Tustison and J. C. Gee},
	Date-Added = {2013-11-07 20:55:38 +0000},
	Date-Modified = {2013-11-08 00:00:38 +0000},
	Journal = {Insight Journal},
	Title = {${N}$-{D} ${C}^k$ {B}-Spline Scattered Data Approximation},
	Year = {2005}}

@article{tustison2006,
	Author = {N. J. Tustison and M. Siqueira and J. C. Gee},
	Date-Added = {2013-11-07 20:54:05 +0000},
	Date-Modified = {2013-11-08 00:00:48 +0000},
	Journal = {Insight Journal},
	Title = {${N}$-{D} linear time exact signed {E}uclidean distance transform},
	Year = {2006}}

@article{tustison2007b,
	Author = {N. J. Tustison and B. B. Avants and J. C. Gee},
	Date-Added = {2013-11-07 20:53:19 +0000},
	Date-Modified = {2013-11-07 20:53:55 +0000},
	Journal = {Insight Journal},
	Title = {Gridding Graphic Graticules},
	Year = {2007}}

@article{tustison2007a,
	Author = {N. J. Tustison and J. C. Gee},
	Date-Added = {2013-11-07 20:52:34 +0000},
	Date-Modified = {2013-11-08 00:00:59 +0000},
	Journal = {Insight Journal},
	Title = {Go-Go {G}abor Gadgetry},
	Year = {2007}}

@article{tustison2007,
	Author = {N. J. Tustison and M. Siqueira and J. C. Gee},
	Date-Added = {2013-11-07 20:51:16 +0000},
	Date-Modified = {2013-11-07 20:52:13 +0000},
	Journal = {Insight Journal},
	Title = {Well-Composedness and the Topological Repairing of 2-{D} and 3-{D} Digital Images},
	Year = {2007}}

@article{tustison2008e,
	Author = {N. J. Tustison and S. P. Awate and J. C. Gee},
	Date-Added = {2013-11-07 20:49:49 +0000},
	Date-Modified = {2013-11-07 20:50:49 +0000},
	Journal = {Insight Journal},
	Title = {A Novel Information-Theoretic Point-Set Measure Based on the {J}ensen-{H}avrda-{C}harvat-{T}sallis Divergence},
	Year = {2008}}

@article{tustison2008d,
	Author = {N. J. Tustison and J. C. Gee},
	Date-Added = {2013-11-07 20:49:05 +0000},
	Date-Modified = {2013-11-07 20:49:38 +0000},
	Journal = {Insight Journal},
	Title = {Run-Length Matrices For Texture Analysis},
	Year = {2008}}

@article{tustison2008c,
	Author = {N. J. Tustison and P. A. Yushkevich and Z. Song and J. C. Gee},
	Date-Added = {2013-11-07 20:48:11 +0000},
	Date-Modified = {2013-11-08 00:01:34 +0000},
	Journal = {Insight Journal},
	Title = {Graph Cuts, Caveat Utilitor, and {E}uler's Bridges of {K}onigsberg},
	Year = {2008}}

@article{tustison2008b,
	Author = {N. J. Tustison and J. C. Gee},
	Date-Added = {2013-11-07 20:47:28 +0000},
	Date-Modified = {2013-11-07 20:48:01 +0000},
	Journal = {Insight Journal},
	Title = {Image Kernel Convolution},
	Year = {2008}}

@article{tustison2008a,
	Author = {N. J. Tustison and H. Zhang and G. Lehmann and P. A. Yushkevich and J. C. Gee},
	Date-Added = {2013-11-07 20:46:04 +0000},
	Date-Modified = {2013-11-08 00:01:19 +0000},
	Journal = {Insight Journal},
	Title = {Meeting {A}ndy {W}arhol Somewhere Over the Rainbow: {RGB} Colormapping and {ITK}},
	Year = {2008}}

@article{tustison2008,
	Author = {N. J. Tustison and P. A. Yushkevich and J. C. Gee},
	Date-Added = {2013-11-07 20:44:54 +0000},
	Date-Modified = {2013-11-08 00:01:10 +0000},
	Journal = {Insight Journal},
	Title = {Live-Wire-ing the {I}nsight {T}oolkit with Intelligent Scissors},
	Year = {2008}}

@article{tustison2009d,
	Author = {N. J. Tustison and S. P. Awate and J. C. Gee},
	Date-Added = {2013-11-07 20:43:54 +0000},
	Date-Modified = {2013-11-07 20:44:40 +0000},
	Journal = {Insight Journal},
	Title = {Information-Theoretic Directly Manipulated Free-Form Deformation Labeled Point-Set Registration},
	Year = {2009}}

@article{tustison2009c,
	Author = {N. J. Tustison and J. C. Gee},
	Date-Added = {2013-11-07 20:42:23 +0000},
	Date-Modified = {2013-11-07 20:43:40 +0000},
	Journal = {Insight Journal},
	Title = {Stochastic Fractal Dimension Image},
	Year = {2009}}

@article{tustison2009b,
	Author = {N. J. Tustison and J. C. Gee},
	Date-Added = {2013-11-07 20:41:00 +0000},
	Date-Modified = {2013-11-07 20:42:08 +0000},
	Journal = {Insight Journal},
	Title = {{N4ITK}: {N}ick's {N3} {ITK} Implementation for {MRI} Bias Field Correction},
	Year = {2009}}

@article{avants2009,
	Author = {B. B. Avants and N. J. Tustison and G. Song},
	Date-Added = {2013-11-07 20:39:38 +0000},
	Date-Modified = {2013-11-08 00:00:27 +0000},
	Journal = {Insight Journal},
	Title = {{A}dvanced {N}ormalization {T}ools v1.0},
	Year = {2009}}

@article{yushkevich2009,
	Author = {P. A. Yushkevich and N. J. Tustison},
	Date-Added = {2013-11-07 20:39:00 +0000},
	Date-Modified = {2013-11-07 20:39:31 +0000},
	Journal = {Insight Journal},
	Title = {Gaussian interpolation},
	Year = {2009}}

@article{tustison2009a,
	Author = {N. J. Tustison and J. C. Gee},
	Date-Added = {2013-11-07 20:38:01 +0000},
	Date-Modified = {2013-11-08 00:02:19 +0000},
	Journal = {Insight Journal},
	Title = {Introducing {D}ice, {J}accard, and Other Label Overlap Measures To {ITK}},
	Year = {2009}}

@article{tustison2010,
	Author = {N. J. Tustison and B. B. Avants and M. Siqueira and J. C. Gee},
	Date-Added = {2013-11-07 20:36:08 +0000},
	Date-Modified = {2013-11-08 00:02:39 +0000},
	Journal = {Insight Journal},
	Title = {{E}scher's Ants as Metaphor: Topological Marching for the Well-Composed, Genus Zero Crowd},
	Year = {2010}}

@article{tustison2011,
	Author = {N. J. Tustison and P. A. Cook and B. B. Avants and J. R. Stone},
	Date-Added = {2013-11-07 20:33:19 +0000},
	Date-Modified = {2013-11-08 00:02:48 +0000},
	Journal = {Insight Journal},
	Title = {Simulated Diffusion-Weighted Imaging for the {ITK} Masses},
	Year = {2011}}

@article{tustison2012,
	Author = {N. J. Tustison and B. B. Avants},
	Date-Added = {2013-11-07 01:12:46 +0000},
	Date-Modified = {2013-11-07 01:12:46 +0000},
	Journal = {Insight Journal},
	Title = {The {TVDMFFDVR} Algorithm},
	Year = {2012}}
